%%%%%%%%%%%%%%%%%%%%%%%%%%%%%%%%%%%%%%%%%%%%%%%%%%%%%%%%%%%%%%%%%%%%%%%%%%%
%% File : template.bib
%% Date : Saturday Sep 15 15:54:56 2018
%% Author : frc1
%%%%%%%%%%%%%%%%%%%%%%%%%%%%%%%%%%%%%%%%%%%%%%%%%%%%%%%%%%%%%%%%%%%%%%%%%%%
%% Description : Sample bibliography file
%% WARNING : To be used with biblatex and biber, this file should be
%%           UTF-8 encoded
%%%%%%%%%%%%%%%%%%%%%%%%%%%%%%%%%%%%%%%%%%%%%%%%%%%%%%%%%%%%%%%%%%%%%%%%%%%
%% Usage :
%%  1) add the lines in the preamble of your document:
%%    \usepackage[backend=biber, style=ieee]{biblatex}
%%    \addbibresource{template.bib}
%%
%% 2) Compile the document at least once (preferably with lualatex), e.g.
%%    lualatex template.tex
%%
%% 3) Run the command "biber" on your document, e.g.
%%    biber template
%%
%% 4) Compile the document twice with lualatex
%%%%%%%%%%%%%%%%%%%%%%%%%%%%%%%%%%%%%%%%%%%%%%%%%%%%%%%%%%%%%%%%%%%%%%%%%%%


@misc{ethDAO,
 organization = "Ethereum",
 title = "Create a Democracy contract in Etherium",
 url = {https://www.ethereum.org/dao},
 urldate = {2019-01-06},
 year = {2019}
}

@misc{eth,
 organization = "Ethereum",
 title = "Ethereum Project",
 url = {https://www.ethereum.org/},
 urldate = {2019-01-06},
 year = {2019}
}

@misc{smartcontracts,
 organization = "Blockgeeks",
 title = "Smart Contracts: The Blockchain Technology That Will Replace Lawyers",
 url = {https://blockgeeks.com/guides/smart-contracts/},
 urldate = {2019-01-06},
 year = {2019}
}

@misc{securityFixPayout,
 organization = "Github",
 author = "LefterisJP",
 title = "Protect against recursive withdrawRewardFor attack",
 url = {https://github.com/slockit/DAO/commit/
 f01f3bd8df5e1e222dde625118b7e0f2bfe5b680},
 urldate = {2019-01-06},
 year = {2016}
}

@misc{deconstructingDaoAttack,
 organization = "vessenes",
 author = "Peter Vessenes",
 title = "Deconstructing theDAO Attack: A Brief Code Tour",
 url = {https://vessenes.com/deconstructing-thedao-attack-a-brief-code-tour/},
 urldate = {2019-01-06},
 year = {2016}
}

@misc{proposal,
 organization = "Investopedia",
 title = "Request For Proposal - RFP",
 url = {https://www.investopedia.com/terms/r/request-for-proposal.asp},
 urldate = {2019-01-06},
 year = {2019}
}

@misc{fond,
 organization = "Investopedia",
 title = "Mutual Funds: What Are They?",
 url = {https://www.investopedia.com/university/mutualfunds/mutualfunds.asp},
 urldate = {2019-01-06},
 year = {2019}
}


@misc{blockchainKai,
 author = "Kai Br√ºnnler",
 title = "Blockchain",
 Publisher = {O'Reilly Taschenbibliothek},
 Year = {2018},
 ISBN = {978-3-96009-070-0},
 Subtitle = {kurz und gut} 
}
